% Encoding: UTF-8

@article{Risto2024dataset,
  author  = {Risto, Halvor Nybø and Graven, Olaf Hallan},
  journal = {Annals of Telecommunications},
  title   = {Fixed-text keystroke dynamics authentication data set—collection and analysis},
  year    = {2024},
  doi     = {10.1007/s12243-024-01039-z}
}

@article{Mhenni2019DoubleSerial,
  title   = {Double serial adaptation mechanism for keystroke dynamics authentication based on a single password},
  journal = {Computers \& Security},
  volume  = {83},
  pages   = {151-166},
  year    = {2019},
  issn    = {0167-4048},
  doi     = {https://doi.org/10.1016/j.cose.2019.02.002},
  url     = {https://www.sciencedirect.com/science/article/pii/S0167404818306059},
  author  = {Abir Mhenni and Estelle Cherrier and Christophe Rosenberger and Najoua {Essoukri Ben Amara}}
}

@article{Morales2016KeystrokeCompetition,
  author  = {Morales, Aythami and Fierrez, Julian and Tolosana, Ruben and Ortega-Garcia, Javier and Galbally, Javier and Gomez-Barrero, Marta and Anjos, André and Marcel, Sébastien},
  journal = {IEEE Access},
  title   = {Keystroke Biometrics Ongoing Competition},
  year    = {2016},
  volume  = {4},
  number  = {},
  pages   = {7736-7746},
  doi     = {10.1109/ACCESS.2016.2626718}
}

@article{Ryu2023Design,
  title   = {The design and evaluation of adaptive biometric authentication systems: Current status, challenges and future direction},
  journal = {ICT Express},
  volume  = {9},
  number  = {6},
  pages   = {1183-1197},
  year    = {2023},
  issn    = {2405-9595},
  doi     = {https://doi.org/10.1016/j.icte.2023.04.003},
  author  = {Riseul Ryu and Soonja Yeom and David Herbert and Julian Dermoudy}
}

@article{hpo_foundations_algorithms_and_open_challenges,
  author   = {Bischl, Bernd and Binder, Martin and Lang, Michel and Pielok, Tobias and Richter, Jakob and Coors, Stefan and Thomas, Janek and Ullmann, Theresa and Becker, Marc and Boulesteix, Anne-Laure and Deng, Difan and Lindauer, Marius},
  title    = {Hyperparameter optimization: Foundations, algorithms, best practices, and open challenges},
  journal  = {WIREs Data Mining and Knowledge Discovery},
  volume   = {13},
  number   = {2},
  pages    = {e1484},
  keywords = {automl, hyperparameter optimization, machine learning, model selection, tuning},
  doi      = {https://doi.org/10.1002/widm.1484},
  year     = {2023}
}

@inproceedings{how_to_comprehensively_descrive_a_biometric_update_mechanisms_for_kd,
  author    = {Seeger, Mark M. and Bours, Patrick},
  booktitle = {2011 Third International Workshop on Security and Communication Networks (IWSCN)},
  title     = {How to comprehensively describe a biometric update mechanisms for keystroke dynamics},
  year      = {2011},
  volume    = {},
  number    = {},
  pages     = {59-65},
  doi       = {10.1109/IWSCN.2011.6827718}
}


@conference{keystroke_template_update_with_adapted_thresholds,
  author              = {Mhenni, Abir and Rosenberger, Christophe and Cherrier, Estelle and Ben Amara, Najoua Essoukri},
  title               = {Keystroke template update with adapted thresholds},
  year                = {2016},
  journal             = {2nd International Conference on Advanced Technologies for Signal and Image Processing, ATSIP 2016},
  pages               = {483 – 488},
  doi                 = {10.1109/ATSIP.2016.7523122},
  publisher           = {Institute of Electrical and Electronics Engineers Inc.},
  isbn                = {978-146738526-8},
  language            = {English},
  abbrev_source_title = {Int. Conf. Adv. Technol. Signal Image Process., ATSIP},
  type                = {Conference paper},
  publication_stage   = {Final},
  source              = {Scopus}
}

@article{a_systematic_literature_review_on_latest_kd_based_models,
  author  = {Roy, Soumen and Pradhan, Jitesh and Kumar, Abhinav and Adhikary, Dibya Ranjan Das and Roy, Utpal and Sinha, Devadatta and Pal, Rajat Kumar},
  journal = {IEEE Access},
  title   = {A Systematic Literature Review on Latest Keystroke Dynamics Based Models},
  year    = {2022},
  volume  = {10},
  number  = {},
  pages   = {92192-92236},
  doi     = {10.1109/ACCESS.2022.3197756}
}


@book{authentication_by_keystroke_timing,
  author    = {Gaines, R. Stockton and William Lisowski and S. James Press and Norman Shapiro},
  title     = {Authentication by Keystroke Timing: Some Preliminary Results },
  address   = {Santa Monica, CA},
  year      = {1980},
  publisher = {RAND Corporation}
}

@article{feature_based_classification_of_voice_based_biometric,
  title   = {Feature based classification of voice based biometric data through Machine learning algorithm},
  journal = {Materials Today: Proceedings},
  volume  = {51},
  pages   = {240-247},
  year    = {2022},
  note    = {CMAE'21},
  issn    = {2214-7853},
  doi     = {https://doi.org/10.1016/j.matpr.2021.05.261},
  author  = {Samiya Shakil and Deepak Arora and Taskeen Zaidi}
}

@article{activity_recognition,
  author              = {Su, Xing and Tong, Hanghang and Ji, Ping},
  title               = {Activity recognition with smartphone sensors},
  year                = {2014},
  journal             = {Tsinghua Science and Technology},
  volume              = {19},
  number              = {3},
  pages               = {235 – 249},
  doi                 = {10.1109/TST.2014.6838194},
  publisher           = {Tsinghua University Press},
  issn                = {10070214},
  coden               = {TSTEF},
  language            = {English},
  abbrev_source_title = {Tsinghua Sci. Tech.},
  type                = {Article},
  publication_stage   = {Final},
  source              = {Scopus},
  note                = {Cited by: 309; All Open Access, Bronze Open Access}
}

@book{seguranca_de_dados,
  title     = {Segurança de Dados},
  author    = {Routo Terada},
  isbn      = {9788521215400},
  year      = {2008},
  publisher = {Blucher}
}

@book{handbook_of_biometrics,
  title     = {Handbook of Biometrics},
  author    = {Jain, A.K. and Flynn, P. and Ross, A.A.},
  isbn      = {9780387710419},
  lccn      = {2007934776},
  year      = {2007},
  publisher = {Springer US}
}

@inproceedings{one_vs_all_svm_implementation,
  author    = {Purwar, Darpan Kumar and Vishwakarma, Deepika and Singh, Neha and Khemchandani, Vineeta},
  booktitle = {2019 4th International Conference on Information Systems and Computer Networks (ISCON)},
  title     = {One v/s All SVM Implementation for Keystroke based Authentication System},
  year      = {2019},
  volume    = {},
  number    = {},
  pages     = {268-272},
  doi       = {10.1109/ISCON47742.2019.9036203}
}

@article{biometric_identification_based_on_keystroke_dynamics,
  author         = {Kasprowski, Pawel and Borowska, Zaneta and Harezlak, Katarzyna},
  title          = {Biometric Identification Based on Keystroke Dynamics},
  journal        = {Sensors},
  volume         = {22},
  year           = {2022},
  number         = {9},
  article-number = {3158},
  pubmedid       = {35590848},
  issn           = {1424-8220},
  doi            = {10.3390/s22093158}
}

@inproceedings{parameter_selection_in_pso,
  author    = {Shi, Yuhui and Eberhart, Russell C.},
  editor    = {Porto, V. W. and Saravanan, N. and Waagen, D. and Eiben, A. E.},
  title     = {Parameter selection in particle swarm optimization},
  booktitle = {Evolutionary Programming VII},
  year      = {1998},
  publisher = {Springer Berlin Heidelberg},
  address   = {Berlin, Heidelberg},
  pages     = {591--600},
  isbn      = {978-3-540-68515-9}
}

@article{Dias2023keyrecs,
  title   = {KeyRecs: A keystroke dynamics and typing pattern recognition dataset},
  journal = {Data in Brief},
  volume  = {50},
  pages   = {109509},
  year    = {2023},
  issn    = {2352-3409},
  doi     = {https://doi.org/10.1016/j.dib.2023.109509},
  author  = {Tiago Dias and Jo{\~{a}}o Vitorino and Eva Maia and Orlando Sousa and Isabel Pra{\c{c}}a}
}

@article{Roy2022systematic,
  author  = {Roy, Soumen and Pradhan, Jitesh and Kumar, Abhinav and Adhikary, Dibya Ranjan Das and Roy, Utpal and Sinha, Devadatta and Pal, Rajat Kumar},
  journal = {IEEE Access},
  title   = {A Systematic Literature Review on Latest Keystroke Dynamics Based Models},
  year    = {2022},
  volume  = {10},
  number  = {},
  pages   = {92192-92236},
  doi     = {10.1109/ACCESS.2022.3197756}
}

@inproceedings{Ferlini2021eargate,
  author    = {Ferlini, Andrea and Ma, Dong and Harle, Robert and Mascolo, Cecilia},
  title     = {EarGate: gait-based user identification with in-ear microphones},
  year      = {2021},
  isbn      = {9781450383424},
  publisher = {Association for Computing Machinery},
  address   = {New York, NY, USA},
  doi       = {10.1145/3447993.3483240},
  pages     = {337–349},
  numpages  = {13},
  location  = {New Orleans, Louisiana},
  series    = {MobiCom '21}
}

@inproceedings{a_comparative_study_of_blackbox_optimization,
  title  = {A Comparative Study of Black-box Optimization Algorithms for Tuning of Hyper-parameters in Deep Neural Networks},
  author = {Skogby Steinholtz Olof},
  year   = {2018}
}

@misc{automated_architecture_design_for_deep_neural_networks,
  title         = {Automated Architecture Design for Deep Neural Networks},
  author        = {Steven Abreu},
  year          = {2019},
  eprint        = {1908.10714},
  archiveprefix = {arXiv},
  primaryclass  = {cs.LG}
}

@article{effect_of_the_sampling_of_dataset_in_hpo,
  author    = {DeCastro-Garc{\'{i}}a, Noemí and Muñoz Casta{\~{n}}eda, {\'{A}}ngel Luis and Escudero Garc{\'{i}}a, David and Carriegos, Miguel V.},
  title     = {Effect of the Sampling of a Dataset in the Hyperparameter Optimization Phase over the Efficiency of a Machine Learning Algorithm},
  journal   = {Complexity},
  year      = {2019},
  month     = {Feb},
  day       = {04},
  publisher = {Hindawi},
  volume    = {2019},
  pages     = {6278908},
  issn      = {1076-2787},
  doi       = {10.1155/2019/6278908}
}

@article{on_hyperparameter_optimization_of_machine_learning_algorithms,
  title   = {On hyperparameter optimization of machine learning algorithms: Theory and practice},
  journal = {Neurocomputing},
  volume  = {415},
  pages   = {295-316},
  year    = {2020},
  issn    = {0925-2312},
  doi     = {https://doi.org/10.1016/j.neucom.2020.07.061},
  author  = {Li Yang and Abdallah Shami}
}

@article{continuous_auth_by_free_text_keystroke_based_on_cnn_and_rnn,
  title   = {Continuous authentication by free-text keystroke based on CNN and RNN},
  journal = {Computers \& Security},
  volume  = {96},
  pages   = {101861},
  year    = {2020},
  issn    = {0167-4048},
  doi     = {https://doi.org/10.1016/j.cose.2020.101861},
  author  = {Xiaofeng Lu and Shengfei Zhang and Pan Hui and Pietro Lio}
}

@article{biometric_personal_auth_using_keystroke_dynamics,
  title   = {Biometric personal authentication using keystroke dynamics: A review},
  journal = {Applied Soft Computing},
  volume  = {11},
  number  = {2},
  pages   = {1565-1573},
  year    = {2011},
  note    = {The Impact of Soft Computing for the Progress of Artificial Intelligence},
  issn    = {1568-4946},
  doi     = {https://doi.org/10.1016/j.asoc.2010.08.003},
  author  = {M. Karnan and M. Akila and N. Krishnaraj}
}


@book{R-2526-NSF,
  author    = {Gaines, R. Stockton and William Lisowski and S. James Press and Norman Shapiro},
  title     = {Authentication by Keystroke Timing: Some Preliminary Results },
  address   = {Santa Monica, CA},
  year      = {1980},
  publisher = {RAND Corporation}
}

@article{from_various_input_devices,
  title   = {Keystroke dynamics-based user authentication using long and free text strings from various input devices},
  journal = {Information Sciences},
  volume  = {308},
  pages   = {72-93},
  year    = {2015},
  issn    = {0020-0255},
  doi     = {https://doi.org/10.1016/j.ins.2014.08.070},
  author  = {Pilsung Kang and Sungzoon Cho}
}

@article{Antal2015-1,
  author   = {Antal, Margit and Szabo, Laszlo Zsolt},
  doi      = {10.1109/CSCS.2015.16},
  isbn     = {9781479917792},
  journal  = {Proceedings - 2015 20th International Conference on Control Systems and Computer Science, CSCS 2015},
  keywords = {Biometrics,Keystroke dynamics,Mobile authentication,One-class classification,Touchscreen},
  pages    = {343--350},
  title    = {{An evaluation of one-class and two-class classification algorithms for keystroke dynamics authentication on mobile devices}},
  year     = {2015}
}

@article{Antal2015-2,
  author  = {Antal, Margit and Szab{\'{o}}, L{\'{a}}szl{\'{o}} Zsolt and L{\'{a}}szl{\'{o}}, Izabella},
  doi     = {10.1016/j.protcy.2015.02.118},
  issn    = {22120173},
  journal = {Procedia Technology},
  pages   = {820--826},
  title   = {{Keystroke Dynamics on Android Platform}},
  volume  = {19},
  year    = {2015}
}

@article{Killourhy2009,
  author  = {Killourhy, Kevin S. and Maxion, Roy A.},
  doi     = {10.1109/DSN.2009.5270346},
  isbn    = {9781424444212},
  issn    = {9781424444212},
  journal = {Proceedings of the International Conference on Dependable Systems and Networks},
  pages   = {125--134},
  title   = {{Comparing anomaly-detection algorithms for keystroke dynamics}},
  year    = {2009}
}

@misc{Precise2014,
  author = {{Precise Biometrics}},
  title  = {Understanding Biometric Performance Evaluation},
  year   = {2014},
  url    = {http://precisebiometrics.com/wp-content/uploads/2014/11/White-Paper-Understanding-Biometric-Performance-Evaluation.pdf}
}

@techreport{Corani2016-BayesianStatTest,
  author      = {Giorgio Corani and Alessio Benavoli and Janez Dem{\v s}ar and Francesca Mangili and Marco Zaffalon},
  title       = {Statistical comparison of classifiers through Bayesian hierarchical modelling},
  institution = {IDSIA},
  year        = {2016}
}

@article{Masso2010-BAR,
  author  = {Masso, Majid and Vaisman, Iosif I.},
  title   = {Accurate and efficient gp120 V3 loop structure based models for the determination of HIV-1 co-receptor usage},
  journal = {BMC Bioinformatics},
  year    = {2010},
  volume  = {11},
  number  = {1},
  pages   = {1--11},
  doi     = {10.1186/1471-2105-11-494},
  issn    = {1471-2105}
}

@article{Jain2016_50Years,
  author    = {Anil K. Jain and Karthik Nandakumar and Arun Ross},
  title     = {50 years of biometric research: Accomplishments, challenges, and opportunities},
  journal   = {Pattern Recog. Letters},
  year      = {2016},
  volume    = {79},
  pages     = {80 - 105},
  doi       = {10.1016/j.patrec.2015.12.013},
  issn      = {0167-8655},
  publisher = {Elsevier}
}

@article{Jain2004_IntroToBiometrics,
  author    = {Jain, A.K. and Ross, A. and Prabhakar, S.},
  title     = {An introduction to biometric recognition},
  journal   = {IEEE Transactions on Circuits and Systems for Video Technology},
  year      = {2004},
  volume    = {14},
  number    = {1},
  pages     = {4-20},
  doi       = {10.1109/TCSVT.2003.818349},
  issn      = {1051-8215},
  publisher = {IEEE}
}

@article{Giot2011Unconstrained,
  title   = {Unconstrained keystroke dynamics authentication with shared secret},
  journal = {Computers \& Security},
  volume  = {30},
  number  = {6},
  pages   = {427 - 445},
  year    = {2011},
  issn    = {0167-4048},
  doi     = {10.1016/j.cose.2011.03.004},
  author  = {Romain Giot and Mohamad El-Abed and Baptiste Hemery and Christophe Rosenberger}
}

@inproceedings{Giot2012_webgreyc,
  author    = {Giot, Romain and El-Abed, Mohamad and Rosenberger, Christophe},
  title     = {Web-Based Benchmark for Keystroke Dynamics Biometric Systems: A Statistical Analysis},
  booktitle = {2012 Eighth International Conference on Intelligent Information Hiding and Multimedia Signal Processing (IIH-MSP)},
  year      = {2012},
  pages     = {11-15},
  doi       = {10.1109/IIH-MSP.2012.10},
  publisher = {IEEE}
}

@misc{GartnerSmartphones2019,
  author = {Gartner},
  title  = {Gartner Says Global Smartphone Sales Stalled in the Fourth Quarter of 2018},
  year   = {2019},
  url    = {https://www.gartner.com/en/newsroom/press-releases/2019-02-21-gartner-says-global-smartphone-sales-stalled-in-the-fourth-quart}
}

@article{Karnan2011keystroke-review,
  title   = {Biometric personal authentication using keystroke dynamics: A review},
  journal = {Applied Soft Computing},
  volume  = {11},
  number  = {2},
  pages   = {1565 - 1573},
  year    = {2011},
  note    = {The Impact of Soft Computing for the Progress of Artificial Intelligence},
  issn    = {1568-4946},
  doi     = {10.1016/j.asoc.2010.08.003},
  author  = {M. Karnan and M. Akila and N. Krishnaraj}
}

@article{Fierrez-Aguilar2005,
  author  = {J. {Fierrez-Aguilar} and J. {Ortega-Garcia} and J. {Gonzalez-Rodriguez}},
  journal = {IEEE Transactions on Systems, Man, and Cybernetics, Part C (Applications and Reviews)},
  title   = {Target dependent score normalization techniques and their application to signature verification},
  year    = {2005},
  volume  = {35},
  number  = {3},
  pages   = {418-425},
  issn    = {1094-6977}
}

@article{Peacock2004,
  author    = {Peacock, A. and Xian Ke and Wilkerson, M.},
  title     = {Typing patterns: a key to user identification},
  journal   = {IEEE Security Privacy},
  year      = {2004},
  volume    = {2},
  number    = {5},
  pages     = {40-47},
  publisher = {IEEE}
}

@article{Hosseinzadeh2008,
  author    = {Hosseinzadeh, D. and Krishnan, S.},
  title     = {Gaussian Mixture Modeling of Keystroke Patterns for Biometric Applications},
  journal   = {IEEE Transactions on Systems, Man, and Cybernetics, Part C: Applications and Reviews},
  year      = {2008},
  volume    = {38},
  number    = {6},
  pages     = {816-826},
  publisher = {IEEE}
}

@article{JBCS2013,
  author    = {Pisani, Paulo Henrique and Lorena, Ana Carolina},
  title     = {A systematic review on keystroke dynamics},
  journal   = {Journal of the Brazilian Computer Society},
  year      = {2013},
  volume    = {19},
  number    = {4},
  pages     = {573-587},
  issn      = {0104-6500},
  language  = {English},
  publisher = {Springer London},
  doi       = {10.1007/s13173-013-0117-7}
}

@inproceedings{Poh2009,
  author    = {Poh, N. and Merati, A. and Kittler, J.},
  title     = {Adaptive client-impostor centric score normalization: A case study in fingerprint verification},
  booktitle = {IEEE 3rd International Conference on Biometrics: Theory, Applications, and Systems},
  year      = {2009},
  pages     = {1-7},
  doi       = {10.1109/BTAS.2009.5339033},
  publisher = {IEEE}
}

@article{biometrics_from_brain_electrical,
  author  = {Palaniappan, Ramaswamy and Mandic, Danilo P.},
  journal = {IEEE Transactions on Pattern Analysis and Machine Intelligence},
  title   = {Biometrics from Brain Electrical Activity: A Machine Learning Approach},
  year    = {2007},
  volume  = {29},
  number  = {4},
  pages   = {738-742},
  doi     = {10.1109/TPAMI.2007.1013}
}

@article{an_introduction_to_biometric_recognition,
  author  = {Jain, A.K. and Ross, A. and Prabhakar, S.},
  journal = {IEEE Transactions on Circuits and Systems for Video Technology},
  title   = {An introduction to biometric recognition},
  year    = {2004},
  volume  = {14},
  number  = {1},
  pages   = {4-20},
  doi     = {10.1109/TCSVT.2003.818349}
}


@article{biometrics_a_tool_for_information_security,
  author  = {Jain, A.K. and Ross, A. and Pankanti, S.},
  journal = {IEEE Transactions on Information Forensics and Security},
  title   = {Biometrics: a tool for information security},
  year    = {2006},
  volume  = {1},
  number  = {2},
  pages   = {125-143},
  doi     = {10.1109/TIFS.2006.873653}
}

@inproceedings{parameter_selection_in_pso,
  author    = {Shi, Yuhui
               and Eberhart, Russell C.},
  editor    = {Porto, V. W.
               and Saravanan, N.
               and Waagen, D.
               and Eiben, A. E.},
  title     = {Parameter selection in particle swarm optimization},
  booktitle = {Evolutionary Programming VII},
  year      = {1998},
  publisher = {Springer Berlin Heidelberg},
  address   = {Berlin, Heidelberg},
  pages     = {591--600},
  isbn      = {978-3-540-68515-9}
}


@misc{hyperband,
  title         = {Hyperband: A Novel Bandit-Based Approach to Hyperparameter Optimization},
  author        = {Lisha Li and Kevin Jamieson and Giulia DeSalvo and Afshin Rostamizadeh and Ameet Talwalkar},
  year          = {2018},
  eprint        = {1603.06560},
  archiveprefix = {arXiv},
  primaryclass  = {cs.LG}
}


@inproceedings{a_comparative_study_of_blackbox_optimization,
  title  = {A Comparative Study of Black-box Optimization Algorithms for Tuning of Hyper-parameters in Deep Neural Networks},
  author = {Skogby Steinholtz Olof},
  year   = {2018},
  url    = {https://api.semanticscholar.org/CorpusID:197859832}
}

@misc{automated_architecture_design_for_deep_neural_networks,
  title         = {Automated Architecture Design for Deep Neural Networks},
  author        = {Steven Abreu},
  year          = {2019},
  eprint        = {1908.10714},
  archiveprefix = {arXiv},
  primaryclass  = {cs.LG}
}

@misc{elshawi2019automated,
  title         = {Automated Machine Learning: State-of-The-Art and Open Challenges},
  author        = {Radwa Elshawi and Mohamed Maher and Sherif Sakr},
  year          = {2019},
  eprint        = {1906.02287},
  archiveprefix = {arXiv},
  primaryclass  = {cs.LG}
}

@book{automated_machine_learning,
  title     = {Automated Machine Learning},
  doi       = {https://doi.org/10.1007/978-3-030-05318-5},
  year      = {2019},
  author    = {Frank Hutter and Lars Kotthoff and Joaquin Vanschoren},
  publisher = {Springer Cham},
  isbn      = {978-3-030-05318-5}
}


@book{R-2526-NSF,
  author    = {Gaines, R. Stockton and William Lisowski and S. James Press and Norman Shapiro},
  title     = {Authentication by Keystroke Timing: Some Preliminary Results },
  address   = {Santa Monica, CA},
  year      = {1980},
  publisher = {RAND Corporation}
}

@article{from_various_input_devices,
  title   = {Keystroke dynamics-based user authentication using long and free text strings from various input devices},
  journal = {Information Sciences},
  volume  = {308},
  pages   = {72-93},
  year    = {2015},
  issn    = {0020-0255},
  doi     = {https://doi.org/10.1016/j.ins.2014.08.070},
  url     = {https://www.sciencedirect.com/science/article/pii/S0020025514009062},
  author  = {Pilsung Kang and Sungzoon Cho}
}

@inproceedings{PohBengio2007EPC,
  author    = {N. Poh and S. Bengio},
  booktitle = {2007 IEEE International Conference on Acoustics, Speech and Signal Processing - ICASSP '07},
  title     = {Estimating the Confidence Interval of Expected Performance Curve in Biometric Authentication using Joint Bootstrap},
  year      = {2007},
  volume    = {2},
  number    = {},
  pages     = {II-137-II-140},
  doi       = {10.1109/ICASSP.2007.366191},
  issn      = {1520-6149},
  publisher = {IEEE}
}

@article{YagerBioMenagerie2010,
  author    = {N. Yager and T. Dunstone},
  journal   = {IEEE Transactions on Pattern Analysis and Machine Intelligence},
  title     = {The Biometric Menagerie},
  year      = {2010},
  volume    = {32},
  number    = {2},
  pages     = {220-230},
  doi       = {10.1109/TPAMI.2008.291},
  issn      = {0162-8828},
  publisher = {IEEE}
}

@inproceedings{Giot2016ZooGraph,
  author    = {R. Giot and R. Bourqui and M. El-Abed},
  booktitle = {2016 20th International Conference Information Visualisation (IV)},
  title     = {Zoo Graph: A New Visualisation for Biometric System Evaluation},
  year      = {2016},
  pages     = {190-195},
  doi       = {10.1109/IV.2016.21},
  issn      = {},
  publisher = {IEEE}
}

@inproceedings{Giot2017BPG,
  author    = {R. Giot},
  booktitle = {2017 21st International Conference Information Visualisation (IV)},
  title     = {Evaluation of Biometric Authentication Systems through Visualisation of Partitioned and Bundled Power-Graphs},
  year      = {2017},
  pages     = {104-110},
  doi       = {10.1109/iV.2017.17},
  issn      = {},
  publisher = {IEEE}
}

@article{teh2010keystroke,
  title   = {Keystroke dynamics in password authentication enhancement},
  journal = {Expert Systems with Applications},
  volume  = {37},
  number  = {12},
  pages   = {8618 - 8627},
  year    = {2010},
  issn    = {0957-4174},
  doi     = {10.1016/j.eswa.2010.06.097},
  author  = {Pin Shen Teh and Andrew Beng Jin Teoh and Connie Tee and Thian Song Ong}
}

@article{hwang2009keystroke,
  title   = {Keystroke dynamics-based authentication for mobile devices},
  journal = {Computers \& Security},
  volume  = {28},
  number  = {1},
  pages   = {85 - 93},
  year    = {2009},
  issn    = {0167-4048},
  doi     = {10.1016/j.cose.2008.10.002},
  author  = {Hwang, Seong-seob and Cho, Sungzoon and Park, Sunghoon}
}

@article{Mahfouz2017survey,
  title   = {A survey on behavioral biometric authentication on smartphones},
  journal = {Journal of Information Security and Applications},
  volume  = {37},
  pages   = {28 - 37},
  year    = {2017},
  issn    = {2214-2126},
  doi     = {10.1016/j.jisa.2017.10.002},
  author  = {Ahmed Mahfouz and Tarek M. Mahmoud and Ahmed Sharaf Eldin}
}

@article{teh2016survey,
  title   = {A survey on touch dynamics authentication in mobile devices},
  journal = {Computers \& Security},
  volume  = {59},
  pages   = {210 - 235},
  year    = {2016},
  issn    = {0167-4048},
  doi     = {10.1016/j.cose.2016.03.003},
  author  = {Pin Shen Teh and Ning Zhang and Andrew Beng Jin Teoh and Ke Chen}
}

@article{yu2004keystroke,
  title   = {Keystroke dynamics identity verification—its problems and practical solutions},
  journal = {Computers \& Security},
  volume  = {23},
  number  = {5},
  pages   = {428 - 440},
  year    = {2004},
  issn    = {0167-4048},
  doi     = {10.1016/j.cose.2004.02.004},
  author  = {Enzhe Yu and Sungzoon Cho}
}

@article{monrose2000keystroke,
  title   = {Keystroke dynamics as a biometric for authentication},
  journal = {Future Generation Computer Systems},
  volume  = {16},
  number  = {4},
  pages   = {351 - 359},
  year    = {2000},
  issn    = {0167-739X},
  doi     = {10.1016/S0167-739X(99)00059-X},
  author  = {Fabian Monrose and Aviel D. Rubin}
}

@article{alsutan2017nonconventional,
  title   = {Non-conventional keystroke dynamics for user authentication},
  journal = {Pattern Recognition Letters},
  volume  = {89},
  pages   = {53 - 59},
  year    = {2017},
  issn    = {0167-8655},
  doi     = {10.1016/j.patrec.2017.02.010},
  author  = {Arwa Alsultan and Kevin Warwick and Hong Wei}
}

@inproceedings{trojahn2013toward,
  author    = {M. Trojahn and F. Ortmeier},
  booktitle = {2013 27th International Conference on Advanced Information Networking and Applications Workshops},
  title     = {Toward Mobile Authentication with Keystroke Dynamics on Mobile Phones and Tablets},
  year      = {2013},
  pages     = {697-702},
  doi       = {10.1109/WAINA.2013.36}
}

@inproceedings{crawford2010keystroke,
  author    = {H. Crawford},
  booktitle = {2010 Eighth International Conference on Privacy, Security and Trust},
  title     = {Keystroke dynamics: Characteristics and opportunities},
  year      = {2010},
  pages     = {205-212},
  doi       = {10.1109/PST.2010.5593258}
}

@inproceedings{zhong2012keystroke,
  author    = {Y. Zhong and Y. Deng and A. K. Jain},
  booktitle = {2012 IEEE Computer Society Conference on Computer Vision and Pattern Recognition Workshops},
  title     = {Keystroke dynamics for user authentication},
  year      = {2012},
  pages     = {117-123},
  doi       = {10.1109/CVPRW.2012.6239225},
  issn      = {2160-7508}
}

@article{obaidat1997verification,
  author  = {M. S. Obaidat and B. Sadoun},
  journal = {IEEE Transactions on Systems, Man, and Cybernetics, Part B (Cybernetics)},
  title   = {Verification of computer users using keystroke dynamics},
  year    = {1997},
  volume  = {27},
  number  = {2},
  pages   = {261-269},
  doi     = {10.1109/3477.558812},
  issn    = {1083-4419}
}

@inproceedings{rybnik2008keystroke,
  author    = {M. Rybnik and M. Tabedzki and K. Saeed},
  booktitle = {2008 7th Computer Information Systems and Industrial Management Applications},
  title     = {A Keystroke Dynamics Based System for User Identification},
  year      = {2008},
  pages     = {225-230},
  doi       = {10.1109/CISIM.2008.8}
}

@article{Ali2017keystroke,
  author  = {Ali, Md Liakat
             and Monaco, John V.
             and Tappert, Charles C.
             and Qiu, Meikang},
  title   = {Keystroke Biometric Systems for User Authentication},
  journal = {Journal of Signal Processing Systems},
  year    = {2017},
  month   = {Mar},
  day     = {01},
  volume  = {86},
  number  = {2},
  pages   = {175--190},
  issn    = {1939-8115},
  doi     = {10.1007/s11265-016-1114-9}
}

@article{Adams1999users,
  author     = {Adams, Anne and Sasse, Martina Angela},
  title      = {Users Are Not the Enemy},
  journal    = {Commun. ACM},
  issue_date = {Dec. 1999},
  volume     = {42},
  number     = {12},
  year       = {1999},
  issn       = {0001-0782},
  pages      = {40--46},
  doi        = {10.1145/322796.322806},
  publisher  = {ACM}
}


@inproceedings{Antal2016mobikey,
  author    = {Antal, Margit
               and Nemes, Lehel},
  editor    = {Silhavy, Radek
               and Senkerik, Roman
               and Oplatkova, Zuzana Kominkova
               and Silhavy, Petr
               and Prokopova, Zdenka},
  title     = {The MOBIKEY Keystroke Dynamics Password Database: Benchmark Results},
  booktitle = {Software Engineering Perspectives and Application in Intelligent Systems},
  year      = {2016},
  publisher = {Springer International Publishing},
  address   = {Cham},
  doi       = {10.1007/978-3-319-33622-0_4},
  pages     = {35--46},
  isbn      = {978-3-319-33622-0}
}

@article{Antal2015-1,
  author   = {Antal, Margit and Szabo, Laszlo Zsolt},
  doi      = {10.1109/CSCS.2015.16},
  isbn     = {9781479917792},
  journal  = {Proceedings - 2015 20th International Conference on Control Systems and Computer Science, CSCS 2015},
  keywords = {Biometrics,Keystroke dynamics,Mobile authentication,One-class classification,Touchscreen},
  pages    = {343--350},
  title    = {{An evaluation of one-class and two-class classification algorithms for keystroke dynamics authentication on mobile devices}},
  year     = {2015}
}

@article{Antal2015-2,
  author  = {Antal, Margit and Szab{\'{o}}, L{\'{a}}szl{\'{o}} Zsolt and L{\'{a}}szl{\'{o}}, Izabella},
  doi     = {10.1016/j.protcy.2015.02.118},
  issn    = {22120173},
  journal = {Procedia Technology},
  pages   = {820--826},
  title   = {{Keystroke Dynamics on Android Platform}},
  volume  = {19},
  year    = {2015}
}

@article{Demsar2006,
  author    = {Dem{\v s}ar, Janez},
  title     = {Statistical Comparisons of Classifiers over Multiple Data Sets},
  journal   = {Journal of Machine Learning Research},
  volume    = {7},
  year      = {2006},
  pages     = {1--30},
  publisher = {JMLR.org}
}

@incollection{Ratha2008,
  author    = {Himaga, Mitsutoshi and Kou, Katsuhiro},
  title     = {Finger Vein Authentication Technology and Financial Applications},
  booktitle = {Advances in Biometrics},
  publisher = {Springer London},
  year      = {2008},
  editor    = {Ratha, NaliniK. and Govindaraju, Venu},
  pages     = {89-105},
  doi       = {10.1007/978-1-84628-921-7_6},
  isbn      = {978-1-84628-920-0}
}

@inproceedings{Poh2014SessionMismatch,
  author    = {N. Poh and J. Kittler and A. Rattani},
  title     = {Handling session mismatch by fusion-based co-training: An empirical study using face and speech multimodal biometrics},
  booktitle = {IEEE Symposium on Computational Intelligence in Biometrics and Identity Management (CIBIM)},
  year      = {2014},
  pages     = {81-86},
  doi       = {10.1109/CIBIM.2014.7015447},
  issn      = {2325-4300},
  publisher = {IEEE}
}

@book{Flach2012book,
  author    = {Flach, Peter},
  title     = {Machine Learning: The Art and Science of Algorithms That Make Sense of Data},
  year      = {2012},
  isbn      = {978-1-107-42222-3},
  publisher = {Cambridge University Press}
} 

@article{Benavoli2016-Tutorial-BayesianStatTest,
  author  = {Alessio Benavoli and Giorgio Corani and Janez Dem{\v s}ar and Marco Zaffalon},
  title   = {Time for a change: a tutorial for comparing multiple classifiers through Bayesian analysis},
  journal = {CoRR},
  year    = {2016},
  volume  = {abs/1606.04316},
  url     = {http://arxiv.org/abs/1606.04316}
}

@techreport{Corani2016-BayesianStatTest,
  author      = {Giorgio Corani and Alessio Benavoli and Janez Dem{\v s}ar and Francesca Mangili and Marco Zaffalon},
  title       = {Statistical comparison of classifiers through Bayesian hierarchical modelling},
  institution = {IDSIA},
  year        = {2016}
}

@article{Masso2010-BAR,
  author  = {Masso, Majid and Vaisman, Iosif I.},
  title   = {Accurate and efficient gp120 V3 loop structure based models for the determination of HIV-1 co-receptor usage},
  journal = {BMC Bioinformatics},
  year    = {2010},
  volume  = {11},
  number  = {1},
  pages   = {1--11},
  doi     = {10.1186/1471-2105-11-494},
  issn    = {1471-2105}
}

@article{Pisani2017score,
  title   = {Score normalization applied to adaptive biometric systems},
  journal = {Computers \& Security},
  volume  = {70},
  pages   = {565 - 580},
  year    = {2017},
  issn    = {0167-4048},
  doi     = {10.1016/j.cose.2017.07.014},
  author  = {Paulo Henrique Pisani and Norman Poh and André C.P.L.F. de Carvalho and Ana Carolina Lorena}
}

@inproceedings{GiotHybridUpdate2012,
  author    = {Romain Giot and Christophe Rosenberger and Bernadette Dorizzi},
  title     = {Hybrid Template Update System for Unimodal Biometric Systems},
  booktitle = {2012 IEEE Fifth International Conference on Biometrics: Theory, Applications and Systems (BTAS)},
  year      = {2012},
  pages     = {1-7},
  doi       = {10.1109/BTAS.2012.6374539},
  publisher = {IEEE}
}

@inproceedings{Aviv2010,
  author    = {Aviv, Adam J. and Gibson, Katherine and Mossop, Evan and Blaze, Matt and Smith, Jonathan M.},
  title     = {Smudge Attacks on Smartphone Touch Screens},
  booktitle = {USENIX Conference on Offensive Technologies},
  year      = {2010},
  location  = {Washington, DC},
  pages     = {1--7},
  acmid     = {1925009},
  publisher = {USENIX Association}
}

@inproceedings{TelleriaFingerprint2017,
  author    = {I. Goicoechea-Telleria and J. Liu-Jimenez and H. Quiros-Sandoval and R. Sanchez-Reillo},
  booktitle = {2017 Int. Carnahan Conf. on Security Technology (ICCST)},
  title     = {Analysis of the attack potential in low cost spoofing of fingerprints},
  year      = {2017},
  pages     = {1-6},
  doi       = {10.1109/CCST.2017.8167798}
}

@inproceedings{RajaFaceSmartphone2017,
  author    = {K. B. Raja and P. Wasnik and R. Raghavendra and C. Busch},
  booktitle = {2017 IEEE International Joint Conference on Biometrics (IJCB)},
  title     = {Robust face presentation attack detection on smartphones : An approach based on variable focus},
  year      = {2017},
  pages     = {651-658},
  doi       = {10.1109/BTAS.2017.8272753}
}

@article{Fierrez-Aguilar2005,
  author  = {J. {Fierrez-Aguilar} and J. {Ortega-Garcia} and J. {Gonzalez-Rodriguez}},
  journal = {IEEE Transactions on Systems, Man, and Cybernetics, Part C (Applications and Reviews)},
  title   = {Target dependent score normalization techniques and their application to signature verification},
  year    = {2005},
  volume  = {35},
  number  = {3},
  pages   = {418-425},
  issn    = {1094-6977}
}

@article{Merati2012,
  author  = {A. {Merati} and N. {Poh} and J. {Kittler}},
  journal = {IEEE Transactions on Information Forensics and Security},
  title   = {User-Specific Cohort Selection and Score Normalization for Biometric Systems},
  year    = {2012},
  volume  = {7},
  number  = {4},
  pages   = {1270-1277},
  doi     = {10.1109/TIFS.2012.2198469},
  issn    = {1556-6013}
}

@article{TehReview2013,
  author    = {Pin Shen Teh and Andrew Beng Jin Teoh and Shigang Yue},
  title     = {A Survey of Keystroke Dynamics Biometrics},
  journal   = {The Scientific World Journal},
  year      = {2013},
  pages     = {1-24},
  doi       = {10.1155/2013/408280},
  publisher = {Hindawi}
}

@inproceedings{giot2009benchmark,
  author    = {Giot, Romain and El-Abed, Mohamad and Rosenberger Christophe},
  title     = {GREYC Keystroke: a Benchmark for Keystroke Dynamics Biometric Systems},
  booktitle = {IEEE International Conference on Biometrics: Theory, Applications and Systems (BTAS 2009)},
  year      = {2009},
  publisher = {IEEE Computer Society},
  address   = {Washington, District of Columbia, USA}
}

@inproceedings{MagalhaesAlgDist2005,
  author    = {Magalh{\~{a}}es, Sergio Tenreiro and Revett, Kenneth and Santos, Henrique M. D.},
  title     = {Password Secured Sites - Stepping Forward with Keystroke Dynamics},
  booktitle = {Proceedings of the International Conference on Next Generation Web Services Practices},
  year      = {2005},
  series    = {NWESP '05},
  pages     = {293–298},
  publisher = {IEEE Computer Society},
  doi       = {10.1109/NWESP.2005.62},
  isbn      = {0-7695-2452-4}
}

@inproceedings{GiotDatasetReqs2012,
  author    = {Romain Giot and Christophe Rosenberger and Bernadette Dorizzi},
  title     = {Performance Evaluation of Biometric Template Update},
  booktitle = {International Biometric Performance Testing Conference},
  year      = {2012},
  pages     = {1-4}
}

@techreport{MagalhaesStatistical,
  author = {Tenreiro de Magalhaes, S. and Santos, Henrique},
  year   = {2005},
  month  = {01},
  pages  = {223-227},
  title  = {An Improved Statistical Keystroke Dynamics Algorithm},
  url    = {https://www.researchgate.net/publication/52011524}
}

@article{Khan_Madden_2014,
  title   = {One-class classification: taxonomy of study and review of techniques},
  volume  = {29},
  doi     = {10.1017/S026988891300043X},
  number  = {3},
  journal = {The Knowledge Engineering Review},
  author  = {Khan, Shehroz S. and Madden, Michael G.},
  year    = {2014},
  pages   = {345-374}
}

@article{scikit-learn,
  title   = {Scikit-learn: Machine Learning in {P}ython},
  author  = {Pedregosa, F. and Varoquaux, G. and Gramfort, A. and Michel, V.
             and Thirion, B. and Grisel, O. and Blondel, M. and Prettenhofer, P.
             and Weiss, R. and Dubourg, V. and Vanderplas, J. and Passos, A. and
             Cournapeau, D. and Brucher, M. and Perrot, M. and Duchesnay, E.},
  journal = {Journal of Machine Learning Research},
  volume  = {12},
  pages   = {2825--2830},
  year    = {2011}
}

@Comment{jabref-meta: databaseType:bibtex;}